
   <marc:record>
      <marc:leader>     cam a22        4500</marc:leader>
      <marc:controlfield tag="001">118176196</marc:controlfield>
      <marc:controlfield tag="003">DE-576</marc:controlfield>
      <marc:controlfield tag="005">20201209195701.0</marc:controlfield>
      <marc:controlfield tag="007">tu</marc:controlfield>
      <marc:controlfield tag="008">050622s2004    xx |||||      00| ||ger c</marc:controlfield>
      <marc:datafield tag="020" ind1=" " ind2=" ">
         <marc:subfield code="a">9738663482</marc:subfield>
         <marc:subfield code="9">973-86634-8-2</marc:subfield>
      </marc:datafield>
      <marc:datafield tag="035" ind1=" " ind2=" ">
         <marc:subfield code="a">(DE-627)1618375237</marc:subfield>
      </marc:datafield>
      <marc:datafield tag="035" ind1=" " ind2=" ">
         <marc:subfield code="a">(DE-576)118176196</marc:subfield>
      </marc:datafield>
      <marc:datafield tag="035" ind1=" " ind2=" ">
         <marc:subfield code="a">(DE-599)BSZ118176196</marc:subfield>
      </marc:datafield>
      <marc:datafield tag="035" ind1=" " ind2=" ">
         <marc:subfield code="a">(OCoLC)225384619</marc:subfield>
      </marc:datafield>
      <marc:datafield tag="040" ind1=" " ind2=" ">
         <marc:subfield code="a">DE-576</marc:subfield>
         <marc:subfield code="b">ger</marc:subfield>
         <marc:subfield code="c">DE-576</marc:subfield>
         <marc:subfield code="e">rakwb</marc:subfield>
      </marc:datafield>
      <marc:datafield tag="041" ind1=" " ind2=" ">
         <marc:subfield code="a">ger</marc:subfield>
      </marc:datafield>
      <marc:datafield tag="084" ind1=" " ind2=" ">
         <marc:subfield code="a">AP 85409</marc:subfield>
         <marc:subfield code="2">rvk</marc:subfield>
         <marc:subfield code="0">(DE-625)rvk/8054:666</marc:subfield>
      </marc:datafield>
      <marc:datafield tag="245" ind1="1" ind2="0">
         <marc:subfield code="a">Unsere Wurzeln</marc:subfield>
         <marc:subfield code="b">deutsche Tänze im und aus dem Banat</marc:subfield>
         <marc:subfield code="c">Ludwig Berghold ...</marc:subfield>
      </marc:datafield>
      <marc:datafield tag="264" ind1=" " ind2="1">
         <marc:subfield code="a">Hermannstadt</marc:subfield>
         <marc:subfield code="b">Honterus</marc:subfield>
         <marc:subfield code="c">2004</marc:subfield>
      </marc:datafield>
      <marc:datafield tag="300" ind1=" " ind2=" ">
         <marc:subfield code="a">224 S.</marc:subfield>
         <marc:subfield code="b">Ill., Notenbeisp.</marc:subfield>
         <marc:subfield code="e">Musikbeispiele auf 2 CDs</marc:subfield>
      </marc:datafield>
      <marc:datafield tag="336" ind1=" " ind2=" ">
         <marc:subfield code="a">Text</marc:subfield>
         <marc:subfield code="b">txt</marc:subfield>
         <marc:subfield code="2">rdacontent</marc:subfield>
      </marc:datafield>
      <marc:datafield tag="337" ind1=" " ind2=" ">
         <marc:subfield code="a">ohne Hilfsmittel zu benutzen</marc:subfield>
         <marc:subfield code="b">n</marc:subfield>
         <marc:subfield code="2">rdamedia</marc:subfield>
      </marc:datafield>
      <marc:datafield tag="338" ind1=" " ind2=" ">
         <marc:subfield code="a">Band</marc:subfield>
         <marc:subfield code="b">nc</marc:subfield>
         <marc:subfield code="2">rdacarrier</marc:subfield>
      </marc:datafield>
      <marc:datafield tag="583" ind1="1" ind2=" ">
         <marc:subfield code="a">Archivierung/Langzeitarchivierung geplant</marc:subfield>
         <marc:subfield code="c">20200919</marc:subfield>
         <marc:subfield code="f">DE-640</marc:subfield>
         <marc:subfield code="z">2</marc:subfield>
         <marc:subfield code="2">pdager</marc:subfield>
      </marc:datafield>
      <marc:datafield tag="591" ind1=" " ind2=" ">
         <marc:subfield code="a">IMD-Felder und 1131 maschinell ergänzt (SWB)</marc:subfield>
      </marc:datafield>
      <marc:datafield tag="700" ind1="1" ind2=" ">
         <marc:subfield code="a">Berghold, Ludwig</marc:subfield>
         <marc:subfield code="4">oth</marc:subfield>
      </marc:datafield>
      <marc:datafield tag="700" ind1="1" ind2=" ">
         <marc:subfield code="a">Sinitean-Singer, Karla</marc:subfield>
         <marc:subfield code="4">oth</marc:subfield>
      </marc:datafield>
      <marc:datafield tag="850" ind1=" " ind2=" ">
         <marc:subfield code="a">ab</marc:subfield>
      </marc:datafield>
      <marc:datafield tag="936" ind1="r" ind2="v">
         <marc:subfield code="a">AP 85409</marc:subfield>
         <marc:subfield code="b">Deutsche im Ausland, deutsche Kultur im Ausland</marc:subfield>
         <marc:subfield code="k">Allgemeines</marc:subfield>
         <marc:subfield code="k">Medien- und Kommunikationswissenschaften, Kommunikationsdesign</marc:subfield>
         <marc:subfield code="k">Tanz</marc:subfield>
         <marc:subfield code="k">Volkstanz</marc:subfield>
         <marc:subfield code="k">Volkstänze in einzelnen Ländern</marc:subfield>
         <marc:subfield code="k">Europa</marc:subfield>
         <marc:subfield code="k">Mitteleuropa</marc:subfield>
         <marc:subfield code="k">Deutsche im Ausland, deutsche Kultur im Ausland</marc:subfield>
         <marc:subfield code="0">(DE-627)1273380797</marc:subfield>
         <marc:subfield code="0">(DE-625)rvk/8054:666</marc:subfield>
         <marc:subfield code="0">(DE-576)203380797</marc:subfield>
      </marc:datafield>
      <marc:datafield tag="951" ind1=" " ind2=" ">
         <marc:subfield code="a">BO</marc:subfield>
      </marc:datafield>
   </marc:record>