
   <marc:record>
      <marc:leader>     cam a22        4500</marc:leader>
      <marc:controlfield tag="001">090023838</marc:controlfield>
      <marc:controlfield tag="003">DE-576</marc:controlfield>
      <marc:controlfield tag="005">20201211123251.0</marc:controlfield>
      <marc:controlfield tag="007">tu</marc:controlfield>
      <marc:controlfield tag="008">010302s2000    xx ||||| m    00| ||ger c</marc:controlfield>
      <marc:datafield tag="020" ind1=" " ind2=" ">
         <marc:subfield code="a">3897129841</marc:subfield>
         <marc:subfield code="9">3-89712-984-1</marc:subfield>
      </marc:datafield>
      <marc:datafield tag="035" ind1=" " ind2=" ">
         <marc:subfield code="a">(DE-627)1616082771</marc:subfield>
      </marc:datafield>
      <marc:datafield tag="035" ind1=" " ind2=" ">
         <marc:subfield code="a">(DE-576)090023838</marc:subfield>
      </marc:datafield>
      <marc:datafield tag="035" ind1=" " ind2=" ">
         <marc:subfield code="a">(DE-599)BSZ090023838</marc:subfield>
      </marc:datafield>
      <marc:datafield tag="035" ind1=" " ind2=" ">
         <marc:subfield code="a">(OCoLC)48928316</marc:subfield>
      </marc:datafield>
      <marc:datafield tag="040" ind1=" " ind2=" ">
         <marc:subfield code="a">DE-576</marc:subfield>
         <marc:subfield code="b">ger</marc:subfield>
         <marc:subfield code="c">DE-576</marc:subfield>
         <marc:subfield code="e">rakwb</marc:subfield>
      </marc:datafield>
      <marc:datafield tag="041" ind1=" " ind2=" ">
         <marc:subfield code="a">ger</marc:subfield>
      </marc:datafield>
      <marc:datafield tag="084" ind1=" " ind2=" ">
         <marc:subfield code="a">AP 85150</marc:subfield>
         <marc:subfield code="2">rvk</marc:subfield>
         <marc:subfield code="0">(DE-625)rvk/8050:</marc:subfield>
      </marc:datafield>
      <marc:datafield tag="084" ind1=" " ind2=" ">
         <marc:subfield code="a">LC 88245</marc:subfield>
         <marc:subfield code="2">rvk</marc:subfield>
         <marc:subfield code="0">(DE-625)rvk/90700:844</marc:subfield>
      </marc:datafield>
      <marc:datafield tag="100" ind1="1" ind2=" ">
         <marc:subfield code="a">Papapaulu, Maria</marc:subfield>
         <marc:subfield code="d">1970-</marc:subfield>
         <marc:subfield code="0">(DE-588)1056491426</marc:subfield>
         <marc:subfield code="0">(DE-627)794749526</marc:subfield>
         <marc:subfield code="0">(DE-576)412401045</marc:subfield>
         <marc:subfield code="4">aut</marc:subfield>
      </marc:datafield>
      <marc:datafield tag="245" ind1="1" ind2="4">
         <marc:subfield code="a">Der Flamenco als Präsentation von Differenz</marc:subfield>
         <marc:subfield code="b">Gitanos und Mehrheitsbevölkerung Westandalusiens in ethnologischer Perspektive</marc:subfield>
         <marc:subfield code="c">Maria Papapavlou</marc:subfield>
      </marc:datafield>
      <marc:datafield tag="250" ind1=" " ind2=" ">
         <marc:subfield code="a">1. Aufl.</marc:subfield>
      </marc:datafield>
      <marc:datafield tag="264" ind1=" " ind2="1">
         <marc:subfield code="a">Göttingen</marc:subfield>
         <marc:subfield code="b">Cuvillier</marc:subfield>
         <marc:subfield code="c">2000</marc:subfield>
      </marc:datafield>
      <marc:datafield tag="300" ind1=" " ind2=" ">
         <marc:subfield code="a">309 S.</marc:subfield>
         <marc:subfield code="b">Ill., Kt.</marc:subfield>
      </marc:datafield>
      <marc:datafield tag="336" ind1=" " ind2=" ">
         <marc:subfield code="a">Text</marc:subfield>
         <marc:subfield code="b">txt</marc:subfield>
         <marc:subfield code="2">rdacontent</marc:subfield>
      </marc:datafield>
      <marc:datafield tag="337" ind1=" " ind2=" ">
         <marc:subfield code="a">ohne Hilfsmittel zu benutzen</marc:subfield>
         <marc:subfield code="b">n</marc:subfield>
         <marc:subfield code="2">rdamedia</marc:subfield>
      </marc:datafield>
      <marc:datafield tag="338" ind1=" " ind2=" ">
         <marc:subfield code="a">Band</marc:subfield>
         <marc:subfield code="b">nc</marc:subfield>
         <marc:subfield code="2">rdacarrier</marc:subfield>
      </marc:datafield>
      <marc:datafield tag="502" ind1=" " ind2=" ">
         <marc:subfield code="a">Zugl.: Leipzig, Univ., Diss., 2000</marc:subfield>
      </marc:datafield>
      <marc:datafield tag="583" ind1="1" ind2=" ">
         <marc:subfield code="a">Archivierung/Langzeitarchivierung geplant</marc:subfield>
         <marc:subfield code="c">20200919</marc:subfield>
         <marc:subfield code="f">DE-640</marc:subfield>
         <marc:subfield code="z">3</marc:subfield>
         <marc:subfield code="2">pdager</marc:subfield>
      </marc:datafield>
      <marc:datafield tag="591" ind1=" " ind2=" ">
         <marc:subfield code="a">720 ddsu/sgi ; IMD-Felder und 1131 maschinell ergänzt (SWB)</marc:subfield>
      </marc:datafield>
      <marc:datafield tag="655" ind1=" " ind2="7">
         <marc:subfield code="a">Hochschulschrift</marc:subfield>
         <marc:subfield code="0">(DE-588)4113937-9</marc:subfield>
         <marc:subfield code="0">(DE-627)105825778</marc:subfield>
         <marc:subfield code="0">(DE-576)209480580</marc:subfield>
         <marc:subfield code="2">gnd-content</marc:subfield>
      </marc:datafield>
      <marc:datafield tag="689" ind1="0" ind2="0">
         <marc:subfield code="D">g</marc:subfield>
         <marc:subfield code="0">(DE-588)4257243-5</marc:subfield>
         <marc:subfield code="0">(DE-627)104676825</marc:subfield>
         <marc:subfield code="0">(DE-576)210562161</marc:subfield>
         <marc:subfield code="a">Jerez de la Frontera</marc:subfield>
         <marc:subfield code="2">gnd</marc:subfield>
      </marc:datafield>
      <marc:datafield tag="689" ind1="0" ind2="1">
         <marc:subfield code="D">s</marc:subfield>
         <marc:subfield code="0">(DE-588)4006287-9</marc:subfield>
         <marc:subfield code="0">(DE-627)106378066</marc:subfield>
         <marc:subfield code="0">(DE-576)208864962</marc:subfield>
         <marc:subfield code="a">Bevölkerung</marc:subfield>
         <marc:subfield code="2">gnd</marc:subfield>
      </marc:datafield>
      <marc:datafield tag="689" ind1="0" ind2="2">
         <marc:subfield code="D">s</marc:subfield>
         <marc:subfield code="0">(DE-588)4071246-1</marc:subfield>
         <marc:subfield code="0">(DE-627)106098373</marc:subfield>
         <marc:subfield code="0">(DE-576)209183152</marc:subfield>
         <marc:subfield code="a">Flamenco</marc:subfield>
         <marc:subfield code="2">gnd</marc:subfield>
      </marc:datafield>
      <marc:datafield tag="689" ind1="0" ind2="3">
         <marc:subfield code="D">s</marc:subfield>
         <marc:subfield code="0">(DE-588)4067777-1</marc:subfield>
         <marc:subfield code="0">(DE-627)104306386</marc:subfield>
         <marc:subfield code="0">(DE-576)209171359</marc:subfield>
         <marc:subfield code="a">Zigeuner</marc:subfield>
         <marc:subfield code="2">gnd</marc:subfield>
      </marc:datafield>
      <marc:datafield tag="689" ind1="0" ind2="4">
         <marc:subfield code="D">s</marc:subfield>
         <marc:subfield code="0">(DE-588)4033542-2</marc:subfield>
         <marc:subfield code="0">(DE-627)10625670X</marc:subfield>
         <marc:subfield code="0">(DE-576)20900259X</marc:subfield>
         <marc:subfield code="a">Kulturelle Identität</marc:subfield>
         <marc:subfield code="2">gnd</marc:subfield>
      </marc:datafield>
      <marc:datafield tag="689" ind1="0" ind2=" ">
         <marc:subfield code="5">DE-101</marc:subfield>
      </marc:datafield>
      <marc:datafield tag="751" ind1=" " ind2=" ">
         <marc:subfield code="a">Leipzig</marc:subfield>
         <marc:subfield code="0">(DE-588)4035206-7</marc:subfield>
         <marc:subfield code="0">(DE-627)104798998</marc:subfield>
         <marc:subfield code="0">(DE-576)209011246</marc:subfield>
         <marc:subfield code="4">uvp</marc:subfield>
      </marc:datafield>
      <marc:datafield tag="850" ind1=" " ind2=" ">
         <marc:subfield code="a">ab</marc:subfield>
      </marc:datafield>
      <marc:datafield tag="936" ind1="r" ind2="v">
         <marc:subfield code="a">AP 85150</marc:subfield>
         <marc:subfield code="b">Tanzfamilien, einzelne Volkstänze</marc:subfield>
         <marc:subfield code="k">Allgemeines</marc:subfield>
         <marc:subfield code="k">Medien- und Kommunikationswissenschaften, Kommunikationsdesign</marc:subfield>
         <marc:subfield code="k">Tanz</marc:subfield>
         <marc:subfield code="k">Volkstanz</marc:subfield>
         <marc:subfield code="k">Tanzfamilien, einzelne Volkstänze</marc:subfield>
         <marc:subfield code="0">(DE-627)1270693557</marc:subfield>
         <marc:subfield code="0">(DE-625)rvk/8050:</marc:subfield>
         <marc:subfield code="0">(DE-576)200693557</marc:subfield>
      </marc:datafield>
      <marc:datafield tag="936" ind1="r" ind2="v">
         <marc:subfield code="a">LC 88245</marc:subfield>
         <marc:subfield code="b">Spanien</marc:subfield>
         <marc:subfield code="k">Ethnologie</marc:subfield>
         <marc:subfield code="k">Kunst und Wissen</marc:subfield>
         <marc:subfield code="k">Theater-, Musik- und Kunstethnologie</marc:subfield>
         <marc:subfield code="k">Tanz</marc:subfield>
         <marc:subfield code="k">Europa</marc:subfield>
         <marc:subfield code="k">Südeuropa (Mittelmeerländer)</marc:subfield>
         <marc:subfield code="k">Iberische Halbinsel</marc:subfield>
         <marc:subfield code="k">Spanien</marc:subfield>
         <marc:subfield code="0">(DE-627)1272119513</marc:subfield>
         <marc:subfield code="0">(DE-625)rvk/90700:844</marc:subfield>
         <marc:subfield code="0">(DE-576)202119513</marc:subfield>
      </marc:datafield>
      <marc:datafield tag="951" ind1=" " ind2=" ">
         <marc:subfield code="a">BO</marc:subfield>
      </marc:datafield>
   </marc:record>