
   <marc:record>
      <marc:leader>     cam a22        4500</marc:leader>
      <marc:controlfield tag="001">435549618</marc:controlfield>
      <marc:controlfield tag="003">DE-576</marc:controlfield>
      <marc:controlfield tag="005">20180729165938.0</marc:controlfield>
      <marc:controlfield tag="007">tu</marc:controlfield>
      <marc:controlfield tag="008">150717s1971    xx |||||      00| ||eng c</marc:controlfield>
      <marc:datafield tag="016" ind1="7" ind2=" ">
         <marc:subfield code="a">198701071</marc:subfield>
         <marc:subfield code="2">DE-101</marc:subfield>
      </marc:datafield>
      <marc:datafield tag="020" ind1=" " ind2=" ">
         <marc:subfield code="a">0903102005</marc:subfield>
         <marc:subfield code="c">(pbk) £1.25</marc:subfield>
         <marc:subfield code="9">0-903102-00-5</marc:subfield>
      </marc:datafield>
      <marc:datafield tag="035" ind1=" " ind2=" ">
         <marc:subfield code="a">(DE-627)1615570667</marc:subfield>
      </marc:datafield>
      <marc:datafield tag="035" ind1=" " ind2=" ">
         <marc:subfield code="a">(DE-576)435549618</marc:subfield>
      </marc:datafield>
      <marc:datafield tag="035" ind1=" " ind2=" ">
         <marc:subfield code="a">(DE-599)BSZ435549618</marc:subfield>
      </marc:datafield>
      <marc:datafield tag="035" ind1=" " ind2=" ">
         <marc:subfield code="a">(OCoLC)915376845</marc:subfield>
      </marc:datafield>
      <marc:datafield tag="040" ind1=" " ind2=" ">
         <marc:subfield code="a">DE-576</marc:subfield>
         <marc:subfield code="b">ger</marc:subfield>
         <marc:subfield code="c">DE-576</marc:subfield>
         <marc:subfield code="e">rakwb</marc:subfield>
      </marc:datafield>
      <marc:datafield tag="041" ind1=" " ind2=" ">
         <marc:subfield code="a">eng</marc:subfield>
      </marc:datafield>
      <marc:datafield tag="041" ind1=" " ind2=" ">
         <marc:subfield code="h">rus</marc:subfield>
      </marc:datafield>
      <marc:datafield tag="084" ind1=" " ind2=" ">
         <marc:subfield code="a">AP 81850</marc:subfield>
         <marc:subfield code="2">rvk</marc:subfield>
         <marc:subfield code="0">(DE-625)rvk/7999:</marc:subfield>
      </marc:datafield>
      <marc:datafield tag="100" ind1="1" ind2=" ">
         <marc:subfield code="a">Petipa, Marius</marc:subfield>
         <marc:subfield code="d">1818-1910</marc:subfield>
         <marc:subfield code="0">(DE-588)11859320X</marc:subfield>
         <marc:subfield code="0">(DE-627)079386326</marc:subfield>
         <marc:subfield code="0">(DE-576)170829189</marc:subfield>
         <marc:subfield code="4">aut</marc:subfield>
      </marc:datafield>
      <marc:datafield tag="245" ind1="1" ind2="0">
         <marc:subfield code="a">Russian ballet master</marc:subfield>
         <marc:subfield code="b">the memoirs of Marius Petipa</marc:subfield>
         <marc:subfield code="c">ed. by Lillian Moore. Transl. by Helen Whittaker</marc:subfield>
      </marc:datafield>
      <marc:datafield tag="250" ind1=" " ind2=" ">
         <marc:subfield code="a">[Unabridged republ. of the ed. first publ. in 1958 by Black, London]</marc:subfield>
      </marc:datafield>
      <marc:datafield tag="264" ind1=" " ind2="1">
         <marc:subfield code="a">London</marc:subfield>
         <marc:subfield code="b">Dance Books</marc:subfield>
         <marc:subfield code="c">[1971]</marc:subfield>
      </marc:datafield>
      <marc:datafield tag="300" ind1=" " ind2=" ">
         <marc:subfield code="a">XVI, 104 S.</marc:subfield>
         <marc:subfield code="b">Ill.</marc:subfield>
         <marc:subfield code="c">21cm</marc:subfield>
      </marc:datafield>
      <marc:datafield tag="336" ind1=" " ind2=" ">
         <marc:subfield code="a">Text</marc:subfield>
         <marc:subfield code="b">txt</marc:subfield>
         <marc:subfield code="2">rdacontent</marc:subfield>
      </marc:datafield>
      <marc:datafield tag="337" ind1=" " ind2=" ">
         <marc:subfield code="a">ohne Hilfsmittel zu benutzen</marc:subfield>
         <marc:subfield code="b">n</marc:subfield>
         <marc:subfield code="2">rdamedia</marc:subfield>
      </marc:datafield>
      <marc:datafield tag="338" ind1=" " ind2=" ">
         <marc:subfield code="a">Band</marc:subfield>
         <marc:subfield code="b">nc</marc:subfield>
         <marc:subfield code="2">rdacarrier</marc:subfield>
      </marc:datafield>
      <marc:datafield tag="591" ind1=" " ind2=" ">
         <marc:subfield code="a">IMD-Felder und 1131 maschinell ergänzt (SWB)</marc:subfield>
      </marc:datafield>
      <marc:datafield tag="700" ind1="1" ind2=" ">
         <marc:subfield code="a">Moore, Lillian</marc:subfield>
         <marc:subfield code="d">1911-1967</marc:subfield>
         <marc:subfield code="e">Hrsg.</marc:subfield>
         <marc:subfield code="0">(DE-588)130119105</marc:subfield>
         <marc:subfield code="0">(DE-627)707399572</marc:subfield>
         <marc:subfield code="0">(DE-576)29800805X</marc:subfield>
         <marc:subfield code="4">edt</marc:subfield>
      </marc:datafield>
      <marc:datafield tag="700" ind1="1" ind2=" ">
         <marc:subfield code="a">Whittaker, Helen</marc:subfield>
         <marc:subfield code="e">Übers.</marc:subfield>
         <marc:subfield code="4">trl</marc:subfield>
      </marc:datafield>
      <marc:datafield tag="936" ind1="r" ind2="v">
         <marc:subfield code="a">AP 81850</marc:subfield>
         <marc:subfield code="b">Gesammelte Schriften einzelner Verfasser</marc:subfield>
         <marc:subfield code="k">Allgemeines</marc:subfield>
         <marc:subfield code="k">Medien- und Kommunikationswissenschaften, Kommunikationsdesign</marc:subfield>
         <marc:subfield code="k">Tanz</marc:subfield>
         <marc:subfield code="k">Bibliografien, Sammelschriften</marc:subfield>
         <marc:subfield code="k">Gesammelte Schriften einzelner Verfasser</marc:subfield>
         <marc:subfield code="0">(DE-627)1270693107</marc:subfield>
         <marc:subfield code="0">(DE-625)rvk/7999:</marc:subfield>
         <marc:subfield code="0">(DE-576)200693107</marc:subfield>
      </marc:datafield>
      <marc:datafield tag="951" ind1=" " ind2=" ">
         <marc:subfield code="a">BO</marc:subfield>
      </marc:datafield>
   </marc:record>