
   <marc:record>
      <marc:leader>     cam a22        4500</marc:leader>
      <marc:controlfield tag="001">114550948</marc:controlfield>
      <marc:controlfield tag="003">DE-576</marc:controlfield>
      <marc:controlfield tag="005">20201209193817.0</marc:controlfield>
      <marc:controlfield tag="007">tu</marc:controlfield>
      <marc:controlfield tag="008">041119s2004    xx |||||      00| ||ger c</marc:controlfield>
      <marc:datafield tag="020" ind1=" " ind2=" ">
         <marc:subfield code="a">3832790039</marc:subfield>
         <marc:subfield code="9">3-8327-9003-9</marc:subfield>
      </marc:datafield>
      <marc:datafield tag="024" ind1="3" ind2=" ">
         <marc:subfield code="a">9783832790035</marc:subfield>
      </marc:datafield>
      <marc:datafield tag="035" ind1=" " ind2=" ">
         <marc:subfield code="a">(DE-627)1614720940</marc:subfield>
      </marc:datafield>
      <marc:datafield tag="035" ind1=" " ind2=" ">
         <marc:subfield code="a">(DE-576)114550948</marc:subfield>
      </marc:datafield>
      <marc:datafield tag="035" ind1=" " ind2=" ">
         <marc:subfield code="a">(DE-599)BSZ114550948</marc:subfield>
      </marc:datafield>
      <marc:datafield tag="035" ind1=" " ind2=" ">
         <marc:subfield code="a">(OCoLC)156745361</marc:subfield>
      </marc:datafield>
      <marc:datafield tag="035" ind1=" " ind2=" ">
         <marc:subfield code="a">(OCoLC)906936988</marc:subfield>
      </marc:datafield>
      <marc:datafield tag="040" ind1=" " ind2=" ">
         <marc:subfield code="a">DE-576</marc:subfield>
         <marc:subfield code="b">ger</marc:subfield>
         <marc:subfield code="c">DE-576</marc:subfield>
         <marc:subfield code="e">rakwb</marc:subfield>
      </marc:datafield>
      <marc:datafield tag="041" ind1=" " ind2=" ">
         <marc:subfield code="a">ger</marc:subfield>
         <marc:subfield code="a">eng</marc:subfield>
         <marc:subfield code="a">fre</marc:subfield>
         <marc:subfield code="a">ita</marc:subfield>
         <marc:subfield code="a">spa</marc:subfield>
      </marc:datafield>
      <marc:datafield tag="082" ind1="0" ind2=" ">
         <marc:subfield code="a">779.97928092</marc:subfield>
      </marc:datafield>
      <marc:datafield tag="084" ind1=" " ind2=" ">
         <marc:subfield code="a">AP 87350</marc:subfield>
         <marc:subfield code="2">rvk</marc:subfield>
         <marc:subfield code="0">(DE-625)rvk/8088:</marc:subfield>
      </marc:datafield>
      <marc:datafield tag="245" ind1="1" ind2="0">
         <marc:subfield code="a">Dieter Blum - Pure dance</marc:subfield>
         <marc:subfield code="b">photographs of the Stuttgart Ballet</marc:subfield>
         <marc:subfield code="c">[photogr.: Dieter Blum   ... Essays by: Reid Anderson. Ed. ...: Jeremy Gaines ...]</marc:subfield>
      </marc:datafield>
      <marc:datafield tag="264" ind1=" " ind2="1">
         <marc:subfield code="a">Kempen</marc:subfield>
         <marc:subfield code="a">Düsseldorf [u.a.]</marc:subfield>
         <marc:subfield code="b">teNeues</marc:subfield>
         <marc:subfield code="c">2004</marc:subfield>
      </marc:datafield>
      <marc:datafield tag="300" ind1=" " ind2=" ">
         <marc:subfield code="a">195 S.</marc:subfield>
         <marc:subfield code="b">überw. Ill.</marc:subfield>
      </marc:datafield>
      <marc:datafield tag="336" ind1=" " ind2=" ">
         <marc:subfield code="a">unbewegtes Bild</marc:subfield>
         <marc:subfield code="b">sti</marc:subfield>
         <marc:subfield code="2">rdacontent</marc:subfield>
      </marc:datafield>
      <marc:datafield tag="337" ind1=" " ind2=" ">
         <marc:subfield code="a">ohne Hilfsmittel zu benutzen</marc:subfield>
         <marc:subfield code="b">n</marc:subfield>
         <marc:subfield code="2">rdamedia</marc:subfield>
      </marc:datafield>
      <marc:datafield tag="338" ind1=" " ind2=" ">
         <marc:subfield code="a">Band</marc:subfield>
         <marc:subfield code="b">nc</marc:subfield>
         <marc:subfield code="2">rdacarrier</marc:subfield>
      </marc:datafield>
      <marc:datafield tag="500" ind1=" " ind2=" ">
         <marc:subfield code="a">Text teilw. in dt., teilw. in engl., teilw. in franz., teilw. in ital., teilw. in span</marc:subfield>
      </marc:datafield>
      <marc:datafield tag="583" ind1="1" ind2=" ">
         <marc:subfield code="a">Archivierung/Langzeitarchivierung geplant</marc:subfield>
         <marc:subfield code="c">20200919</marc:subfield>
         <marc:subfield code="f">DE-640</marc:subfield>
         <marc:subfield code="z">2</marc:subfield>
         <marc:subfield code="2">pdager</marc:subfield>
      </marc:datafield>
      <marc:datafield tag="591" ind1=" " ind2=" ">
         <marc:subfield code="a">IMD-Felder und 1131 maschinell ergänzt (SWB)</marc:subfield>
      </marc:datafield>
      <marc:datafield tag="655" ind1=" " ind2="7">
         <marc:subfield code="a">Bildband</marc:subfield>
         <marc:subfield code="0">(DE-588)4145395-5</marc:subfield>
         <marc:subfield code="0">(DE-627)104450835</marc:subfield>
         <marc:subfield code="0">(DE-576)209741139</marc:subfield>
         <marc:subfield code="2">gnd-content</marc:subfield>
      </marc:datafield>
      <marc:datafield tag="689" ind1="0" ind2="0">
         <marc:subfield code="D">p</marc:subfield>
         <marc:subfield code="0">(DE-588)118816764</marc:subfield>
         <marc:subfield code="0">(DE-627)079590993</marc:subfield>
         <marc:subfield code="0">(DE-576)209609680</marc:subfield>
         <marc:subfield code="a">Blum, Dieter</marc:subfield>
         <marc:subfield code="d">1936-</marc:subfield>
         <marc:subfield code="2">gnd</marc:subfield>
      </marc:datafield>
      <marc:datafield tag="689" ind1="0" ind2="1">
         <marc:subfield code="D">s</marc:subfield>
         <marc:subfield code="0">(DE-588)4199272-6</marc:subfield>
         <marc:subfield code="0">(DE-627)104115084</marc:subfield>
         <marc:subfield code="0">(DE-576)210127597</marc:subfield>
         <marc:subfield code="a">Theaterfotografie</marc:subfield>
         <marc:subfield code="2">gnd</marc:subfield>
      </marc:datafield>
      <marc:datafield tag="689" ind1="0" ind2="2">
         <marc:subfield code="D">b</marc:subfield>
         <marc:subfield code="0">(DE-588)2053806-6</marc:subfield>
         <marc:subfield code="0">(DE-627)103167692</marc:subfield>
         <marc:subfield code="0">(DE-576)192014765</marc:subfield>
         <marc:subfield code="a">Das Stuttgarter Ballett</marc:subfield>
         <marc:subfield code="2">gnd</marc:subfield>
      </marc:datafield>
      <marc:datafield tag="689" ind1="0" ind2=" ">
         <marc:subfield code="5">DE-101</marc:subfield>
      </marc:datafield>
      <marc:datafield tag="700" ind1="1" ind2=" ">
         <marc:subfield code="a">Gaines, Jeremy</marc:subfield>
         <marc:subfield code="e">Hrsg.</marc:subfield>
         <marc:subfield code="0">(DE-588)136615945</marc:subfield>
         <marc:subfield code="0">(DE-627)584909004</marc:subfield>
         <marc:subfield code="0">(DE-576)172900301</marc:subfield>
         <marc:subfield code="4">edt</marc:subfield>
      </marc:datafield>
      <marc:datafield tag="700" ind1="1" ind2=" ">
         <marc:subfield code="a">Blum, Dieter</marc:subfield>
         <marc:subfield code="e">Ill.</marc:subfield>
         <marc:subfield code="4">ill</marc:subfield>
      </marc:datafield>
      <marc:datafield tag="700" ind1="1" ind2=" ">
         <marc:subfield code="a">Anderson, Reid</marc:subfield>
         <marc:subfield code="d">1949-</marc:subfield>
         <marc:subfield code="0">(DE-588)139323899</marc:subfield>
         <marc:subfield code="0">(DE-627)703290568</marc:subfield>
         <marc:subfield code="0">(DE-576)310654645</marc:subfield>
         <marc:subfield code="4">oth</marc:subfield>
      </marc:datafield>
      <marc:datafield tag="850" ind1=" " ind2=" ">
         <marc:subfield code="a">ab</marc:subfield>
      </marc:datafield>
      <marc:datafield tag="936" ind1="r" ind2="v">
         <marc:subfield code="a">AP 87350</marc:subfield>
         <marc:subfield code="b">Biografien, Memoiren, Tagebücher, Briefe (CSN des Künstlers)</marc:subfield>
         <marc:subfield code="k">Allgemeines</marc:subfield>
         <marc:subfield code="k">Medien- und Kommunikationswissenschaften, Kommunikationsdesign</marc:subfield>
         <marc:subfield code="k">Tanz</marc:subfield>
         <marc:subfield code="k">Tanzkunst</marc:subfield>
         <marc:subfield code="k">Biografien, Memoiren, Tagebücher, Briefe (CSN des Künstlers)</marc:subfield>
         <marc:subfield code="0">(DE-627)1270693891</marc:subfield>
         <marc:subfield code="0">(DE-625)rvk/8088:</marc:subfield>
         <marc:subfield code="0">(DE-576)200693891</marc:subfield>
      </marc:datafield>
      <marc:datafield tag="951" ind1=" " ind2=" ">
         <marc:subfield code="a">BO</marc:subfield>
      </marc:datafield>
   </marc:record>