
   <marc:record>
      <marc:leader>     cam a22        4500</marc:leader>
      <marc:controlfield tag="001">058669108</marc:controlfield>
      <marc:controlfield tag="003">DE-576</marc:controlfield>
      <marc:controlfield tag="005">20201205160758.0</marc:controlfield>
      <marc:controlfield tag="007">tu</marc:controlfield>
      <marc:controlfield tag="008">970425s1974    xx ||||| d    00| ||eng c</marc:controlfield>
      <marc:datafield tag="020" ind1=" " ind2=" ">
         <marc:subfield code="a">0713613955</marc:subfield>
         <marc:subfield code="9">0-7136-1395-5</marc:subfield>
      </marc:datafield>
      <marc:datafield tag="035" ind1=" " ind2=" ">
         <marc:subfield code="a">(DE-627)1614294445</marc:subfield>
      </marc:datafield>
      <marc:datafield tag="035" ind1=" " ind2=" ">
         <marc:subfield code="a">(DE-576)058669108</marc:subfield>
      </marc:datafield>
      <marc:datafield tag="035" ind1=" " ind2=" ">
         <marc:subfield code="a">(DE-599)BSZ058669108</marc:subfield>
      </marc:datafield>
      <marc:datafield tag="035" ind1=" " ind2=" ">
         <marc:subfield code="a">(OCoLC)185750514</marc:subfield>
      </marc:datafield>
      <marc:datafield tag="040" ind1=" " ind2=" ">
         <marc:subfield code="a">DE-576</marc:subfield>
         <marc:subfield code="b">ger</marc:subfield>
         <marc:subfield code="c">DE-576</marc:subfield>
         <marc:subfield code="e">rda</marc:subfield>
      </marc:datafield>
      <marc:datafield tag="041" ind1=" " ind2=" ">
         <marc:subfield code="a">eng</marc:subfield>
      </marc:datafield>
      <marc:datafield tag="084" ind1=" " ind2=" ">
         <marc:subfield code="a">LR 53180</marc:subfield>
         <marc:subfield code="2">rvk</marc:subfield>
         <marc:subfield code="0">(DE-625)rvk/109490:</marc:subfield>
      </marc:datafield>
      <marc:datafield tag="084" ind1=" " ind2=" ">
         <marc:subfield code="a">AP 82300</marc:subfield>
         <marc:subfield code="2">rvk</marc:subfield>
         <marc:subfield code="0">(DE-625)rvk/8004:</marc:subfield>
      </marc:datafield>
      <marc:datafield tag="084" ind1=" " ind2=" ">
         <marc:subfield code="a">AP 88000</marc:subfield>
         <marc:subfield code="2">rvk</marc:subfield>
         <marc:subfield code="0">(DE-625)rvk/8102:</marc:subfield>
      </marc:datafield>
      <marc:datafield tag="084" ind1=" " ind2=" ">
         <marc:subfield code="a">AP 82200</marc:subfield>
         <marc:subfield code="2">rvk</marc:subfield>
         <marc:subfield code="0">(DE-625)rvk/8003:</marc:subfield>
      </marc:datafield>
      <marc:datafield tag="100" ind1="1" ind2=" ">
         <marc:subfield code="a">Wilson, G. B. L.</marc:subfield>
         <marc:subfield code="e">VerfasserIn</marc:subfield>
         <marc:subfield code="0">(DE-627)1233583123</marc:subfield>
         <marc:subfield code="0">(DE-576)163583129</marc:subfield>
         <marc:subfield code="4">aut</marc:subfield>
      </marc:datafield>
      <marc:datafield tag="245" ind1="1" ind2="2">
         <marc:subfield code="a">A dictionary of ballet</marc:subfield>
         <marc:subfield code="b">with eight pages of photographs and twenty line drawings</marc:subfield>
         <marc:subfield code="c">G. B. L. Wilson</marc:subfield>
      </marc:datafield>
      <marc:datafield tag="250" ind1=" " ind2=" ">
         <marc:subfield code="a">Third edition, revised enlarged and entirely-re-set</marc:subfield>
      </marc:datafield>
      <marc:datafield tag="264" ind1=" " ind2="1">
         <marc:subfield code="a">London</marc:subfield>
         <marc:subfield code="b">Adam &amp; Charles Black</marc:subfield>
         <marc:subfield code="c">1974</marc:subfield>
      </marc:datafield>
      <marc:datafield tag="300" ind1=" " ind2=" ">
         <marc:subfield code="a">xi, 539 Seiten</marc:subfield>
         <marc:subfield code="b">Illustrationen</marc:subfield>
      </marc:datafield>
      <marc:datafield tag="336" ind1=" " ind2=" ">
         <marc:subfield code="a">Text</marc:subfield>
         <marc:subfield code="b">txt</marc:subfield>
         <marc:subfield code="2">rdacontent</marc:subfield>
      </marc:datafield>
      <marc:datafield tag="337" ind1=" " ind2=" ">
         <marc:subfield code="a">ohne Hilfsmittel zu benutzen</marc:subfield>
         <marc:subfield code="b">n</marc:subfield>
         <marc:subfield code="2">rdamedia</marc:subfield>
      </marc:datafield>
      <marc:datafield tag="338" ind1=" " ind2=" ">
         <marc:subfield code="a">Band</marc:subfield>
         <marc:subfield code="b">nc</marc:subfield>
         <marc:subfield code="2">rdacarrier</marc:subfield>
      </marc:datafield>
      <marc:datafield tag="583" ind1="1" ind2=" ">
         <marc:subfield code="a">Archivierung/Langzeitarchivierung geplant</marc:subfield>
         <marc:subfield code="c">20200919</marc:subfield>
         <marc:subfield code="f">DE-640</marc:subfield>
         <marc:subfield code="z">1</marc:subfield>
         <marc:subfield code="2">pdager</marc:subfield>
      </marc:datafield>
      <marc:datafield tag="591" ind1=" " ind2=" ">
         <marc:subfield code="a">5090 maschinell aus ähnlichen Titelaufnahmen ergänzt (SWB)</marc:subfield>
      </marc:datafield>
      <marc:datafield tag="650" ind1="0" ind2="7">
         <marc:subfield code="0">(DE-588)4004351-4</marc:subfield>
         <marc:subfield code="0">(DE-627)106386263</marc:subfield>
         <marc:subfield code="0">(DE-576)208855459</marc:subfield>
         <marc:subfield code="a">Ballett</marc:subfield>
         <marc:subfield code="2">gnd</marc:subfield>
      </marc:datafield>
      <marc:datafield tag="655" ind1=" " ind2="7">
         <marc:subfield code="a">Wörterbuch</marc:subfield>
         <marc:subfield code="0">(DE-588)4066724-8</marc:subfield>
         <marc:subfield code="0">(DE-627)104682620</marc:subfield>
         <marc:subfield code="0">(DE-576)209166061</marc:subfield>
         <marc:subfield code="2">gnd-content</marc:subfield>
      </marc:datafield>
      <marc:datafield tag="850" ind1=" " ind2=" ">
         <marc:subfield code="a">ab</marc:subfield>
      </marc:datafield>
      <marc:datafield tag="936" ind1="r" ind2="v">
         <marc:subfield code="a">LR 53180</marc:subfield>
         <marc:subfield code="b">Bibliografien, Lexika, Handbücher</marc:subfield>
         <marc:subfield code="k">Musikwissenschaft</marc:subfield>
         <marc:subfield code="k">I. Musica theoretica</marc:subfield>
         <marc:subfield code="k">Sachteil: Musica theoretica (einschl. Realien mit geographischem Bezug)</marc:subfield>
         <marc:subfield code="k">Musikalische Gattungen, Formen, Termini</marc:subfield>
         <marc:subfield code="k">Einzelne Gattungen und Formen:</marc:subfield>
         <marc:subfield code="k">Gattungen und Formen B</marc:subfield>
         <marc:subfield code="k">Ballett</marc:subfield>
         <marc:subfield code="k">Bibliografien, Lexika, Handbücher</marc:subfield>
         <marc:subfield code="0">(DE-627)1271421291</marc:subfield>
         <marc:subfield code="0">(DE-625)rvk/109490:</marc:subfield>
         <marc:subfield code="0">(DE-576)201421291</marc:subfield>
      </marc:datafield>
      <marc:datafield tag="936" ind1="r" ind2="v">
         <marc:subfield code="a">AP 82300</marc:subfield>
         <marc:subfield code="b">Lexika</marc:subfield>
         <marc:subfield code="k">Allgemeines</marc:subfield>
         <marc:subfield code="k">Medien- und Kommunikationswissenschaften, Kommunikationsdesign</marc:subfield>
         <marc:subfield code="k">Tanz</marc:subfield>
         <marc:subfield code="k">Nachschlagewerke, Allgemeine Darstellungen</marc:subfield>
         <marc:subfield code="k">Lexika</marc:subfield>
         <marc:subfield code="0">(DE-627)127069314X</marc:subfield>
         <marc:subfield code="0">(DE-625)rvk/8004:</marc:subfield>
         <marc:subfield code="0">(DE-576)20069314X</marc:subfield>
      </marc:datafield>
      <marc:datafield tag="936" ind1="r" ind2="v">
         <marc:subfield code="a">AP 88000</marc:subfield>
         <marc:subfield code="b">Ballettführer</marc:subfield>
         <marc:subfield code="k">Allgemeines</marc:subfield>
         <marc:subfield code="k">Medien- und Kommunikationswissenschaften, Kommunikationsdesign</marc:subfield>
         <marc:subfield code="k">Tanz</marc:subfield>
         <marc:subfield code="k">Ballett</marc:subfield>
         <marc:subfield code="k">Ballettführer</marc:subfield>
         <marc:subfield code="0">(DE-627)1270694014</marc:subfield>
         <marc:subfield code="0">(DE-625)rvk/8102:</marc:subfield>
         <marc:subfield code="0">(DE-576)200694014</marc:subfield>
      </marc:datafield>
      <marc:datafield tag="936" ind1="r" ind2="v">
         <marc:subfield code="a">AP 82200</marc:subfield>
         <marc:subfield code="b">Fachwörterbücher</marc:subfield>
         <marc:subfield code="k">Allgemeines</marc:subfield>
         <marc:subfield code="k">Medien- und Kommunikationswissenschaften, Kommunikationsdesign</marc:subfield>
         <marc:subfield code="k">Tanz</marc:subfield>
         <marc:subfield code="k">Nachschlagewerke, Allgemeine Darstellungen</marc:subfield>
         <marc:subfield code="k">Fachwörterbücher</marc:subfield>
         <marc:subfield code="0">(DE-627)1270693131</marc:subfield>
         <marc:subfield code="0">(DE-625)rvk/8003:</marc:subfield>
         <marc:subfield code="0">(DE-576)200693131</marc:subfield>
      </marc:datafield>
      <marc:datafield tag="951" ind1=" " ind2=" ">
         <marc:subfield code="a">BO</marc:subfield>
      </marc:datafield>
   </marc:record>